@book{zhou2012ensemble,
  title={Ensemble methods: foundations and algorithms},
  author={Zhou, Zhi-Hua},
  year={2012},
  publisher={CRC press}
}

@online{Kaggles,
  author = {Md. Hasibur Rahman},
  title = {{Kaggles} Predicting Diabetes Onset Based on Diagnostic Measures},
  year = 2024,
  url = {https://www.kaggle.com/datasets/hasibur013/diabetes-dataset},
  urldate = {2024-09-30}
}

@article{kurita2019principal,
  title={Principal component analysis (PCA)},
  author={Kurita, Takio},
  journal={Computer vision: a reference guide},
  pages={1--4},
  year={2019},
  publisher={Springer}
}

@article{marden2004positions,
  title={Positions and QQ plots},
  author={Marden, John I},
  journal={Statistical Science},
  pages={606--614},
  year={2004},
  publisher={JSTOR}
}

@misc{Lecture2,
  author        = {Eman Alamer},
  title         = {Lecture notes in multivariate analysis, Lecture 2},
  month         = {September},
  year          = {2024},
  publisher={McMaster University}
}

@misc{Lecture14,
	author        = {Eman Alamer},
	title         = {Lecture notes in multivariate analysis, Lecture 14},
	month         = {September},
	year          = {2024},
	publisher={McMaster University}
}

@book{faraway2016extending,
  title={Extending the linear model with R: generalized linear, mixed effects and nonparametric regression models},
  author={Faraway, Julian J},
  year={2016},
  publisher={Chapman and Hall/CRC}
}

@book{hosmer2013applied,
  title={Applied logistic regression},
  author={Hosmer Jr, David W and Lemeshow, Stanley and Sturdivant, Rodney X},
  year={2013},
  publisher={John Wiley \& Sons}
}

@Manual{Rlang,
    title = {R: A Language and Environment for Statistical Computing},
    author = {{R Core Team}},
    organization = {R Foundation for Statistical Computing},
    address = {Vienna, Austria},
    year = {2024},
    url = {https://www.R-project.org/},
  }

@article{chen2015xgboost,
  title={Xgboost: extreme gradient boosting},
  author={Chen, T},
  journal={R package version 0.4-2},
  volume={1},
  number={4},
  year={2015}
}

@article{friedman2001greedy,
  title={Greedy function approximation: a gradient boosting machine},
  author={Friedman, Jerome H},
  journal={Annals of statistics},
  pages={1189--1232},
  year={2001},
  publisher={JSTOR}
}

@article{peterson2009k,
  title={K-nearest neighbor},
  author={Peterson, Leif E},
  journal={Scholarpedia},
  volume={4},
  number={2},
  pages={1883},
  year={2009}
}

@misc{Lecture16,
  author        = {Eman Alamer},
  title         = {Lecture notes in multivariate analysis, Lecture 16},
  month         = {September},
  year          = {2024},
  publisher={McMaster University}
}

@article{fawcett2006introduction,
	title={An introduction to ROC analysis},
	author={Fawcett, Tom},
	journal={Pattern recognition letters},
	volume={27},
	number={8},
	pages={861--874},
	year={2006},
	publisher={Elsevier}
}

@Article{pROC,
	title = {pROC: an open-source package for R and S+ to analyze and compare ROC curves},
	author = {Xavier Robin and Natacha Turck and Alexandre Hainard and Natalia Tiberti and Frédérique Lisacek and Jean-Charles Sanchez and Markus Müller},
	year = {2011},
	journal = {BMC Bioinformatics},
	volume = {12},
	pages = {77},
}

@INPROCEEDINGS{7724478,
	author={Singh, Amanpreet and Thakur, Narina and Sharma, Aakanksha},
	booktitle={2016 3rd International Conference on Computing for Sustainable Global Development (INDIACom)}, 
	title={A review of supervised machine learning algorithms}, 
	year={2016},
	volume={},
	number={},
	pages={1310-1315},
	keywords={Decision support systems;Classification algorithms;Handheld computers;Machine learning algorithms;Artificial neural networks;Support vector machines;Roads;Artificial Neural Networks (ANN);Bayesian Network (BN);Decision Trees (DT);k-Nearest Neighbors (k-NN);Logistic Regression (LR);Random Forests (RF);Supervised Machine Learning;Support Vector Machine (SVM)},
	doi={}}
